@incollection{schon2018music,
  title={Music and Language},
  author={Sch{\"o}n, Daniele and Morillon, Benjamin},
  booktitle={The Oxford Handbook of Music and Neuroscience},
  year={2018}
}

@article{schon2004music,
  title={The music of speech: Music training facilitates pitch processing in both music and language},
  author={Sch{\"o}n, Daniele and Magne, Cyrille and Besson, Mireille},
  journal={Psychophysiology},
  volume={41},
  number={3},
  pages={341--349},
  year={2004},
  publisher={Wiley Online Library}
}

@article{bauer2003introducing,
  title={Introducing linguistic morphology},
  author={Bauer, Laurie},
  year={2003},
  publisher={Edinburgh university press Edinburgh}
}

@book{rossing2007springer,
  title={Springer handbook of acoustics},
  author={Rossing, Thomas},
  year={2007},
  publisher={Springer Science \& Business Media}
}

@article{katz2011identity,
  title={The identity thesis for language and music},
  author={Katz, Jonah and Pesetsky, David},
  journal={Manuscript, January},
  year={2011},
  publisher={Citeseer}
}

@article{nooteboom1997prosody,
  title={The prosody of speech: melody and rhythm},
  author={Nooteboom, Sieb},
  journal={The handbook of phonetic sciences},
  volume={5},
  pages={640--673},
  year={1997},
  publisher={Blackwell Oxford}
}

@incollection{sundberg2018phonetics,
  title={Phonetics of Singing in Western Classical Style},
  author={Sundberg, Johan},
  booktitle={Oxford Research Encyclopedia of Linguistics},
  year={2018}
}

@incollection{adler1965phonetics,
  title={Phonetics and Diction in Singing},
  author={Adler, Kurt},
  booktitle={The Art of Accompanying and Coaching},
  pages={43--47},
  year={1965},
  publisher={Springer}
}

@article{sundberg2003research,
  title={Research on the singing voice in retrospect},
  author={Sundberg, Johan},
  journal={TMH-QPSR},
  volume={45},
  number={1},
  pages={11--22},
  year={2003}
}

@phdthesis{bauer2002bedeutung,
  title={Die Bedeutung des supraglottischen Raumes f{\"u}r die s{\"a}ngerische Klangformung unter besonderer Ber{\"u}cksichtigung der Funktion des Velum palatinum},
  author={Bauer, Julia},
  year={2002},
  school={Verlag nicht ermittelbar}
}

@article{christiner2013song,
  title={Song and speech: examining the link between singing talent and speech imitation ability},
  author={Christiner, Markus and Reiterer, Susanne Maria},
  journal={Frontiers in psychology},
  volume={4},
  pages={874},
  year={2013},
  publisher={Frontiers}
}

@article{zeromskaite2014potential,
  title={The potential role of music in second language learning: A review article},
  author={Zeromskaite, Ieva},
  journal={Journal of European Psychology Students},
  volume={5},
  number={3},
  year={2014},
  publisher={EFPSA}
}

@article{ludke2014singing,
  title={Singing can facilitate foreign language learning},
  author={Ludke, Karen M and Ferreira, Fernanda and Overy, Katie},
  journal={Memory \& cognition},
  volume={42},
  number={1},
  pages={41--52},
  year={2014},
  publisher={Springer}
}

@article{marques2007musicians,
  title={Musicians detect pitch violation in a foreign language better than nonmusicians: behavioral and electrophysiological evidence},
  author={Marques, Carlos and Moreno, Sylvain and Lu{\'\i}s Castro, S{\~a}o and Besson, Mireille},
  journal={Journal of Cognitive Neuroscience},
  volume={19},
  number={9},
  pages={1453--1463},
  year={2007},
  publisher={MIT Press}
}

@article{roncaglia2016mastering,
  title={Mastering languages with different rhythmic properties enhances musical rhythm perception},
  author={Roncaglia-Denissen, M Paula and Roor, Drikus and Chen, Ao and Sadakata, Makiko},
  journal={Frontiers in Human Neuroscience},
  volume={10},
  year={2016}
}

@inproceedings{chan1987tone,
  title={Tone and melody in Cantonese},
  author={Chan, Marjorie KM},
  booktitle={Annual Meeting of the Berkeley Linguistics Society},
  volume={13},
  pages={26--37},
  year={1987}
}

@incollection{gudivada2018linguistics,
  title={Linguistics: Core Concepts and Principles},
  author={Gudivada, Akhil and Rao, Dhana L and Gudivada, Venkat N},
  booktitle={Handbook of statistics},
  volume={38},
  pages={3--14},
  year={2018},
  publisher={Elsevier}
}

@article{dodd2003jc,
  title={JC CATFORD, A Practical Introduction to Phonetics (2nd edn.). Oxford: Oxford University Press, 2001. Pp xiii+ 229. ISBN 0-19-924635--1},
  author={Dodd, W Steven},
  journal={Journal of the International Phonetic Association},
  volume={33},
  number={1},
  pages={87--88},
  year={2003},
  publisher={Cambridge University Press}
}

@book{davenport2013introducing,
  title={Introducing phonetics and phonology},
  author={Davenport, Mike and Hannahs, Stephen J},
  year={2013},
  publisher={Routledge}
}

@book{fox2000prosodic,
    author = {Fox, Anthony},
    year = {2000},
    month = {04},
    pages = {},
    title = {Prosodic features and prosodic structure: The phonology of suprasegmentals},
    isbn = {9780198237853}
}

@book{halliday1967intonation,
   title =     {Intonation and grammar in British English},
   author =    {Michael Alexander Kirkwood Halliday},
   publisher = {De Gruyter Mouton},
   isbn =      {3111000753,9783111000756},
   year =      {1967},
   series =    {Janua Linguarum: Series Practica, 48},
   edition =   {Reprint},
   volume =    {},
}

@article{thalen2001describing,
  title={Describing different styles of singing: A comparison of a female singer's voice source in''Classical'',''Pop'',''Jazz''and''Blues''},
  author={Thal{\'e}n, Margareta and Sundberg, Johan},
  journal={Logopedics Phoniatrics Vocology},
  volume={26},
  number={2},
  pages={82--93},
  year={2001},
  publisher={Taylor \& Francis}
}

@article{sundberg1977acoustics,
  title={The acoustics of the singing voice},
  author={Sundberg, Johan},
  journal={Scientific American},
  volume={236},
  number={3},
  pages={82--91},
  year={1977},
  publisher={JSTOR}
}

@book{van2001introduction,
  title={An introduction to syntax},
  author={Van Valin, Robert D},
  year={2001},
  publisher={Cambridge University Press}
}

@misc{matthews1982syntax,
  title={Syntax Cambridge University Press},
  author={Matthews, PH},
  year={1982},
  publisher={Cambridge}
}

@article{lerdahl1983overview,
  title={An overview of hierarchical structure in music},
  author={Lerdahl, Fred and Jackendoff, Ray},
  journal={Music Perception: An Interdisciplinary Journal},
  volume={1},
  number={2},
  pages={229--252},
  year={1983},
  publisher={University of California Press Journals}
}

@article{zedda1998linguistic,
  title={Linguistic variants and their effect on the singing voice},
  author={Zedda, Paolo},
  journal={Australian Voice},
  volume={4},
  year={1998}
}

@article{fonagy1967horbare,
  title={H{\"o}rbare mimik},
  author={Fonagy, Ivan},
  journal={Phonetica},
  volume={16},
  number={1},
  pages={25--35},
  year={1967},
  publisher={Karger Publishers}
}

@article{cruse2011meaning,
  title={Meaning in language: An introduction to semantics and pragmatics},
  author={Cruse, Alan},
  year={2011}
}

@article{bagha2011short,
  title={A Short Introduction to Semantics},
  author={Bagha, Karim Nazari},
  journal={Journal of language teaching and research},
  volume={2},
  number={6},
  pages={1411},
  year={2011},
  publisher={Academy Publication Co., Ltd.}
}

@article{goodwin1980acoustical,
  title={An acoustical study of individual voices in choral blend},
  author={Goodwin, Allen W},
  journal={Journal of Research in Music Education},
  volume={28},
  number={2},
  pages={119--128},
  year={1980},
  publisher={SAGE Publications Sage CA: Los Angeles, CA}
}

@article{healey1976factors,
  title={Factors contributing to the reduction of stuttering during singing},
  author={Healey, E Charles and Mallard III, AR and Adams, Martin R},
  journal={Journal of Speech and Hearing Research},
  volume={19},
  number={3},
  pages={475--480},
  year={1976},
  publisher={ASHA}
}

@article{mesaros2012singing,
  title={Singing voice recognition for music information retrieval},
  author={Mesaros, Annamaria},
  year={2012},
  publisher={Tampere University of Technology}
}